@book{Salton1968,
	author = {Salton, G.},
	date-added = {2021-03-01 15:41:11 +0100},
	date-modified = {2021-03-01 15:45:38 +0100},
	publisher = {{McGraw-Hill, New York, USA}},
	title = {{Automatic Information Organization and Retrieval.}},
	year = {1968}}

@misc{lucene,
	author={lucene.apache.org},
	publisher={Apache Foundation},
	title={Lucene},
	url={https://lucene.apache.org},
	year=1999,
	urldate={2023-05-11}
}



@inbook{rake,
author = {Rose, Stuart and Engel, Dave and Cramer, Nick and Cowley, Wendy},
year = {2010},
month = {03},
pages = {1 - 20},
title = {Automatic Keyword Extraction from Individual Documents},
isbn = {9780470689646},
journal = {Text Mining: Applications and Theory},
doi = {10.1002/9780470689646.ch1}
}